@article{kolter2011fixed,
  title   = {The fixed points of off-policy TD},
  author  = {Kolter, J},
  journal = {Advances in Neural Information Processing Systems},
  volume  = {24},
  pages   = {2169--2177},
  year    = {2011}
}

@article{zhang2021breaking,
  author     = {Zhang, Shangtong and Yao, Hengshuai and Whiteson, Shimon},
  title      = {Breaking the Deadly Triad with a Target Network},
  journal    = {CoRR},
  volume     = {abs/2101.08862},
  year       = {2021},
  url        = {https://arxiv.org/abs/2101.08862},
  eprinttype = {arXiv},
  eprint     = {2101.08862}
}

@inproceedings{zhang2020provably,
  title        = {Provably convergent two-timescale off-policy actor-critic with function approximation},
  author       = {Zhang, Shangtong and Liu, Bo and Yao, Hengshuai and Whiteson, Shimon},
  booktitle    = {International Conference on Machine Learning},
  pages        = {11204--11213},
  year         = {2020},
  organization = {PMLR}
}

@techreport{baird1993counterexample,
  title       = {Analysis of some incremental variants of policy iteration: First steps toward understanding actor-critic learning systems},
  author      = {Williams, Ronald J and Baird III, Leemon C},
  year        = {1993},
  institution = {Citeseer}
}

@book{sutton2020reinforcement,
  title     = {Reinforcement learning: An introduction},
  author    = {Sutton, Richard S and Barto, Andrew G},
  year      = {2020},
  edition   = {Second Edition},
  publisher = {MIT press}
}

@article{mahadevan2014proximal,
  title={Proximal reinforcement learning: A new theory of sequential decision making in primal-dual spaces},
  author={Mahadevan, Sridhar and Liu, Bo and Thomas, Philip and Dabney, Will and Giguere, Steve and Jacek, Nicholas and Gemp, Ian and Liu, Ji},
  journal={arXiv preprint arXiv:1405.6757},
  year={2014}
}

@article{yu2017convergence,
  title={On convergence of some gradient-based temporal-differences algorithms for off-policy learning},
  author={Yu, Huizhen},
  journal={arXiv preprint arXiv:1712.09652},
  year={2017}
}

@inproceedings{du2017stochastic,
  title={Stochastic variance reduction methods for policy evaluation},
  author={Du, Simon S and Chen, Jianshu and Li, Lihong and Xiao, Lin and Zhou, Dengyong},
  booktitle={International Conference on Machine Learning},
  pages={1049--1058},
  year={2017},
  organization={PMLR}
}

@article{diddigi2019convergent,
  title={A convergent off-policy temporal difference algorithm},
  author={Diddigi, Raghuram Bharadwaj and Kamanchi, Chandramouli and Bhatnagar, Shalabh},
  journal={arXiv preprint arXiv:1911.05697},
  year={2019}
}

@inproceedings{gelada2019off,
  title={Off-policy deep reinforcement learning by bootstrapping the covariate shift},
  author={Gelada, Carles and Bellemare, Marc G},
  booktitle={Proceedings of the AAAI Conference on Artificial Intelligence},
  volume={33},
  pages={3647--3655},
  year={2019}
}

@article{kumar2020discor,
  title={Discor: Corrective feedback in reinforcement learning via distribution correction},
  author={Kumar, Aviral and Gupta, Abhishek and Levine, Sergey},
  journal={arXiv preprint arXiv:2003.07305},
  year={2020}
}

@article{sutton2016emphatic,
  title={An emphatic approach to the problem of off-policy temporal-difference learning},
  author={Sutton, Richard S and Mahmood, A Rupam and White, Martha},
  journal={The Journal of Machine Learning Research},
  volume={17},
  pages={2603--2631},
  year={2016},
  publisher={JMLR.org}
}

@inproceedings{sutton2009fast,
  title={Fast gradient-descent methods for temporal-difference learning with linear function approximation},
  author={Sutton, Richard S and Maei, Hamid Reza and Precup, Doina and Bhatnagar, Shalabh and Silver, David and Szepesv{\'a}ri, Csaba and Wiewiora, Eric},
  booktitle={Proceedings of the 26th Annual International Conference on Machine Learning},
  pages={993--1000},
  year={2009}
}

@article{tsitsiklis1996analysis,
  title={An analysis of temporal-difference learning with function approximation},
  author={Tsitsiklis, JN and Van Roy, B},
  journal={Rep. LIDS-P-2322). Lab. Inf. Decis. Syst. Massachusetts Inst. Technol. Tech. Rep},
  year={1996}
}

@inproceedings{tikhonov1943stability,
  title={On the stability of inverse problems},
  author={Tikhonov, Andrey Nikolayevich},
  booktitle={Dokl. Akad. Nauk SSSR},
  volume={39},
  pages={195--198},
  year={1943}
}

@inproceedings{rahaman2019spectral,
  title={On the spectral bias of neural networks},
  author={Rahaman, Nasim and Baratin, Aristide and Arpit, Devansh and Draxler, Felix and Lin, Min and Hamprecht, Fred and Bengio, Yoshua and Courville, Aaron},
  booktitle={International Conference on Machine Learning},
  pages={5301--5310},
  year={2019},
  organization={PMLR}
}

@article{sitzmann2020implicit,
  title={Implicit neural representations with periodic activation functions},
  author={Sitzmann, Vincent and Martel, Julien and Bergman, Alexander and Lindell, David and Wetzstein, Gordon},
  journal={Advances in Neural Information Processing Systems},
  volume={33},
  pages={7462--7473},
  year={2020}
}

@article{hasselt2021expected,
  title={Expected eligibility traces},
  author={van Hasselt, Hado and Madjiheurem, Sephora and Hessel, Matteo and Silver, David and Barreto, Andr{\'e} and Borsa, Diana},
  journal={arXiv preprint arXiv:2007.01839},
  year={2021}
}

@article{jiang2021learning,
  title={Learning Expected Emphatic Traces for Deep RL},
  author={Jiang, Ray and Zhang, Shangtong and Chelu, Veronica and White, Adam and van Hasselt, Hado},
  journal={arXiv preprint arXiv:2107.05405},
  year={2021}
}
